% Encoding: UTF-8

@article{li2004adjoint,
  title={Adjoint sensitivity analysis for time-dependent partial differential equations with adaptive mesh refinement},
  author={Li, Shengtai and Petzold, Linda},
  journal={Journal of Computational Physics},
  volume={198},
  number={1},
  pages={310--325},
  year={2004},
  publisher={Elsevier}
}


@Comment{jabref-meta: databaseType:bibtex;}
